@inproceedings{sccp,
  author =       {Jensen, Oliver and Gouda, Mohamed and Qiu, Lili},
  title =        {A Secure Credit Card Protocol over NFC},
  crossref =     {ICDCN:15},
  doi =          {10.1145/2833312.2833319},
  keywords =     {credit card payments, secure mobile payments, Near Field Communication (NFC), authentication, privacy},
}

@proceedings{ICDCN:15,
  editor =       {Mun Choon Chan and Gopal Pandurangan},
  title =        "International Conference on Distributed Computing and Networking",
  booktitle =    "International Conference on Distributed Computing and Networking",
  publisher =    {ACM},
  venue =        {Singapore},
  month =        jan,
  year =         {2016},
  isbn =         {1-4503-4032-8},
}


@MANUAL{nfcspec,
	TITLE = "Near Field Communication - Interface and Protocol",
	ORGANIZATION = "ECMA",
	EDITION = {3},
	NUMBER = {340},
	MONTH = "June",
	YEAR = {2013}
}

@MANUAL{nfciso,
   NUMBER = {14443},
   ORGANIZATION = "ISO 14443",
   title = {{Identification cards - Contactless integrated circuit(s) cards - Proximity cards}},
   year = {2000},
}

@MANUAL{paypass,
   ORGANIZATION = "MasterCard",
   VERSION= {1.3},
   MONTH = "November",
   YEAR = {2007},
   title = {{PayPass - Mag Stripe - Security Architecture}}
}

@inproceedings{kortvedt2009eavesdropping,
  title={Eavesdropping near field communication},
  author={Kortvedt, Henning and Mjolsnes, S},
  booktitle={The Norwegian Information Security Conference (NISK)},
  year={2009}
}

@MastersThesis{kortvedt2009securing,
    author     =     {Kortvedt, Henning Siitonen},
    title     =     {{Securing Near Field Communication}},
    school     =     {Norwegian University of Science and Technology},
    address     =     {Norway},
    year     =     {2009},
    }

@inproceedings{haselsteiner2006security,
  title={Security in near field communication (NFC)},
  author={Haselsteiner, Ernst and Breitfu{\ss}, Klemens},
  booktitle={Workshop on RFID security},
  pages={12--14},
  year={2006}
}

@article{eun2013conditional,
  title={Conditional privacy preserving security protocol for NFC applications},
  author={Eun, Hasoo and Lee, Hoonjung and Oh, Heekuck},
  journal={Consumer Electronics, IEEE Transactions on},
  volume={59},
  number={1},
  pages={153--160},
  year={2013},
  publisher={IEEE}
}

@incollection{francis2010practical,
  title={Practical NFC peer-to-peer relay attack using mobile phones},
  author={Francis, Lishoy and Hancke, Gerhard and Mayes, Keith and Markantonakis, Konstantinos},
  booktitle={Radio Frequency Identification: Security and Privacy Issues},
  pages={35--49},
  year={2010},
  publisher={Springer}
}


@inproceedings{madlmayr2008nfc,
  title={NFC devices: Security and privacy},
  author={Madlmayr, Gerald and Langer, Josef and Kantner, Christian and Scharinger, Josef},
  booktitle={Availability, Reliability and Security, 2008. ARES 08. Third International Conference on},
  pages={642--647},
  year={2008},
  organization={IEEE}
}


@misc{nmhack,
  author = {Elizabeth Harris, Nicole Perlroth, Natheniel Popper},
  title = {Neiman Marcus Data Breach Worse Than First Said},
  howpublished = {\url{http://www.nytimes.com/2014/01/24/business/neiman-marcus-breach-affected-1-1-million-cards.html}},
  note = {Accessed: 2014-11-10}
}

@misc{supervaluhack,
  author = {Clare Kennedy},
  title = {Millions of card numbers likely stolen during Supervalu data breach, security expert says},
  howpublished = {\url{http://www.bizjournals.com/twincities/news/2014/08/18/supervalu-millions-card-numbers-likely-stolen.html?page=all}},
  note = {Accessed: 2014-11-10}
}

@misc{pfchanghack,
  author = {Brian Krebs},
  title = {P.F. Changâ€™s Breach Likely Began in Sept. 2013},
  howpublished = {\url{http://krebsonsecurity.com/2014/06/p-f-changs-breach-likely-began-in-sept-2013/}},
  note = {Accessed: 2014-11-10}
}

@ARTICLE{diffiehellman,
author={Diffie, W. and Hellman, M.E.},
journal={Information Theory, IEEE Transactions on},
title={New directions in cryptography},
year={1976},
month={Nov},
volume={22},
number={6},
pages={644-654},
keywords={Cryptography;Application software;Communication system security;Computer aided instruction;Computer networks;Costs;Hardware;Information theory;Postal services;Public key cryptography;Telecommunication computing},
doi={10.1109/TIT.1976.1055638},
ISSN={0018-9448},}

@article{RSA,
 author = {Rivest, R. L. and Shamir, A. and Adleman, L.},
 title = {A Method for Obtaining Digital Signatures and Public-key Cryptosystems},
 journal = {Commun. ACM},
 issue_date = {Feb. 1978},
 volume = {21},
 number = {2},
 month = feb,
 year = {1978},
 issn = {0001-0782},
 pages = {120--126},
 numpages = {7},
 url = {http://doi.acm.org/10.1145/359340.359342},
 doi = {10.1145/359340.359342},
 acmid = {359342},
 publisher = {ACM},
 address = {New York, NY, USA},
 keywords = {authentication, cryptography, digital signatures, electronic funds transfer, electronic mail, factorization, message-passing, prime number, privacy, public-key cryptosystems, security},
}

@inproceedings{lee2012nfc,
  title={NFC hacking: The easy way},
  author={Lee, Eddie},
  booktitle={Defcon hacking conference},
  volume={20},
  year={2012}
}


@article{uuid,
  title={A universally unique identifier (uuid) urn namespace},
  author={Leach, Paul J and Mealling, Michael and Salz, Rich},
  year={2005}
}

@inproceedings{Drimer:2007:KYE:1362903.1362910,
 author = {Drimer, Saar and Murdoch, Steven J.},
 title = {Keep Your Enemies Close: Distance Bounding Against Smartcard Relay Attacks},
 booktitle = {Proceedings of 16th USENIX Security Symposium on USENIX Security Symposium},
 series = {SS'07},
 year = {2007},
 isbn = {111-333-5555-77-9},
 location = {Boston, MA},
 pages = {7:1--7:16},
 articleno = {7},
 numpages = {16},
 url = {http://dl.acm.org/citation.cfm?id=1362903.1362910},
 acmid = {1362910},
 publisher = {USENIX Association},
 address = {Berkeley, CA, USA},
}










@MANUAL{nfcspec,
	TITLE = "Near Field Communication - Interface and Protocol",
	ORGANIZATION = "ECMA",
	EDITION = {3},
	NUMBER = {340},
	MONTH = "June",
	YEAR = {2013}
}

@MANUAL{nfciso,
   NUMBER = {14443},
   ORGANIZATION = "ISO 14443",
   title = {{Identification cards - Contactless integrated circuit(s) cards - Proximity cards}},
   year = {2000},
}

@MANUAL{paypass,
   ORGANIZATION = "MasterCard",
   VERSION= {1.3},
   MONTH = "November",
   YEAR = {2007},
   title = {{PayPass - Mag Stripe - Security Architecture}}
}


@article{kortvedt2009securing,
  title={Securing Near Field Communication},
  author={Kortvedt, Henning Siitonen},
  year={2009},
  publisher={Institutt for telematikk}
}

@inproceedings{haselsteiner2006security,
  title={Security in near field communication (NFC)},
  author={Haselsteiner, Ernst and Breitfu{\ss}, Klemens},
  booktitle={Workshop on RFID security},
  pages={12--14},
  year={2006}
}

@article{eun2013conditional,
  title={Conditional privacy preserving security protocol for NFC applications},
  author={Eun, Hasoo and Lee, Hoonjung and Oh, Heekuck},
  journal={Consumer Electronics, IEEE Transactions on},
  volume={59},
  number={1},
  pages={153--160},
  year={2013},
  publisher={IEEE}
}

@misc{lee2012nfc,
  title={NFC hacking: The easy way},
  author={Lee, Eddie},
  year={2012},
  publisher={DEFCON}
}

@incollection{francis2010practical,
  title={Practical NFC peer-to-peer relay attack using mobile phones},
  author={Francis, Lishoy and Hancke, Gerhard and Mayes, Keith and Markantonakis, Konstantinos},
  booktitle={Radio Frequency Identification: Security and Privacy Issues},
  pages={35--49},
  year={2010},
  publisher={Springer}
}


@inproceedings{madlmayr2008nfc,
  title={NFC devices: Security and privacy},
  author={Madlmayr, Gerald and Langer, Josef and Kantner, Christian and Scharinger, Josef},
  booktitle={Availability, Reliability and Security, 2008. ARES 08. Third International Conference on},
  pages={642--647},
  year={2008},
  organization={IEEE}
}

@misc{targethack,
  author = {Robin Sidel, Danny Yadron, Sara Germano},
  title = {Target Hit by Credit-Card Breach},
  howpublished = {\url{http://online.wsj.com/articles/SB10001424052702304773104579266743230242538}},
  note = {Accessed: 2014-11-10}
}

@misc{homedepothack,
  author = {Robin Sidel},
  title = {Home Depot's 56 Million Card Breach Bigger Than Target's},
  howpublished = {\url{http://online.wsj.com/articles/home-depot-breach-bigger-than-targets-1411073571}},
  note = {Accessed: 2014-11-10}
}

@misc{neimanmarcushack,
  author = {Elizabeth Harris, Nicole Perlroth, Natheniel Popper},
  title = {Neiman Marcus Data Breach Worse Than First Said},
  howpublished = {\url{http://www.nytimes.com/2014/01/24/business/neiman-marcus-breach-affected-1-1-million-cards.html}},
  note = {Accessed: 2014-11-10}
}

@ARTICLE{diffiehellman,
author={Diffie, W. and Hellman, M.E.},
journal={Information Theory, IEEE Transactions on},
title={New directions in cryptography},
year={1976},
month={Nov},
volume={22},
number={6},
pages={644-654},
keywords={Cryptography;Application software;Communication system security;Computer aided instruction;Computer networks;Costs;Hardware;Information theory;Postal services;Public key cryptography;Telecommunication computing},
doi={10.1109/TIT.1976.1055638},
ISSN={0018-9448},}

@article{RSA,
 author = {Rivest, R. L. and Shamir, A. and Adleman, L.},
 title = {A Method for Obtaining Digital Signatures and Public-key Cryptosystems},
 journal = {Commun. ACM},
 issue_date = {Feb. 1978},
 volume = {21},
 number = {2},
 month = feb,
 year = {1978},
 issn = {0001-0782},
 pages = {120--126},
 numpages = {7},
 url = {http://doi.acm.org/10.1145/359340.359342},
 doi = {10.1145/359340.359342},
 acmid = {359342},
 publisher = {ACM},
 address = {New York, NY, USA},
 keywords = {authentication, cryptography, digital signatures, electronic funds transfer, electronic mail, factorization, message-passing, prime number, privacy, public-key cryptosystems, security},
}

@misc{NFCProxy,
author =   {Blackwing HQ},
title =    {NFCProxy},
howpublished = {\url{http://sourceforge.net/projects/nfcproxy/}},
year = {2012}
}
